@Article{Brainard97,
author  = {D. H. Brainard},
title   = {The {P}sychophysics {T}oolbox},
journal = {{S}patial {V}ision},
volume  = {10},
number  = {},
pages   = {433-436},
year    = {1997},
}

@Article{Braun99,
author  = {Jochen Braun},
title   = {On the detection of salient contours},
journal = {{S}patial {V}ision},
volume  = {12(2)},
number  = {},
pages   = {211-225},
year    = {1999},
}

@Article{DakinBaruch09,
author  = {Steven C. Dakin and Nina J. Baruch},
title   = {Context influences contour integration},
journal = {{J}ournal of {V}ision},
volume  = {9(2)},
number  = {},
pages   = {13, 1-13},
year    = {2009},
}

@Article{Demeyer12,
author  = {Maarten Demeyer and Bart Machilsen},
title   = {The construction of perceptual grouping displays using {GERT}},
journal = {{B}ehavior {R}esearch {M}ethods},
volume  = {44},
number  = {2},
pages   = {439-446},
year    = {2012},
}


@Article{ElderGoldberg02,
author  = {James H. Elder and R.M. Goldberg},
title   = {Ecological statistics of {G}estalt laws for the perceptual organization of contours},
journal = {{J}ournal of {V}ision},
volume  = {2(4)},
number  = {},
pages   = {5, 324-353},
year    = {2002},
}


@Article{Field93,
author  = {D. J. Field and A. Hayes and R. F. Hess},
title   = {Contour integration by the human visual system: {E}vidence for a local "association field"},
journal = {{V}ision {R}esearch},
volume  = {33},
number  = {2},
pages   = {173-193},
year    = {1993},
}

@Article{Geisler01,
author  = {W. S. Geisler and J.S. Perry and B. J. Super and D. P. Gallogly},
title   = {Edge co-occurrence in natural images predicts contour grouping performance},
journal = {{V}ision {R}esearch},
volume  = {41},
number  = {6},
pages   = {711-724},
year    = {2001},
}

@Article{HarrisonFeldman09,
author  = {S.J. Harrison and J. Feldman},
title   = {The influence of shape and skeletal axis structure on texture perception},
journal = {{J}ournal of {V}ision},
volume  = {9(6)},
number  = {},
pages   = {13, 1-21},
year    = {2009},
}

@ARTICLE{HessDakin99,
author  = {Robert F. Hess and Steven C. Dakin},
title   = {Contour integration in the peripheral field},
journal = {{V}ision {R}esearch},
year    = {1999},
volume  = {39},
pages   = {947-959}
}

@ARTICLE{Kovacs93,
author  = {I. Kov{\'a}cs and Bela Julesz},
title   = {A closed curve is much more than an incomplete one: effect of closure in figure-ground segmentation},
journal = {{P}roceedings of the {N}ational {A}cademy of {S}ciences},
volume  = {90},
number  = {16},
pages   = {7495-7497},
year    = {1993}
}

@ARTICLE{Kovacs94,
author  = {I. Kov{\'a}cs and Bela Julesz},
title   = {Perceptual sensitivity maps within globally defined visual shapes},
journal = {{N}ature},
volume  = {370},
number  = {},
pages   = {644-646},
year    = {1994}
}

@ARTICLE{Kovacs99,
author  = {I. Kov{\'a}cs and P. Kozma and {\'A}. Feh{\'e}r and G. Benedek},
title   = {Late maturation of visual spatial integration in humans},
journal = {{P}roceedings of the {N}ational {A}cademy of {S}ciences},
volume  = {96},
number  = {21},
pages   = {12204-12209},
year    = {1999}
}

@ARTICLE{Kovacs00,
author  = {I. Kov{\'a}cs},
title   = {Human development of perceptual organization},
journal = {{V}ision {R}esearch},
volume  = {40},
number  = {},
pages   = {1301-1310},
year    = {2000}
}

@ARTICLE{KubovyWagemans95,
author  = {M. Kubovy and J. Wagemans},
title   = {Grouping by proximity and multistability in dot lattices: {A} quantitative {G}estalt theory},
journal = {{P}sychological {S}cience},
volume  = {6},
number  = {4},
pages   = {225-234},
year    = {1995}
}

@ARTICLE{LiGilbert02,
author  = {W. Li and C. D. Gilbert},
title   = {Global contour saliency and local colinear interactions},
journal = {{J}ournal of {N}europhysiology},
volume  = {88},
number  = {},
pages   = {2846-2856},
year    = {2002}
}

@ARTICLE{Machilsen09,
author  = {B. Machilsen and M. Pauwels and J. Wagemans},
title   = {The role of vertical mirror symmetry in visual shape detection},
journal = {{J}ournal of {V}ision},
volume  = {9(12)},
number  = {},
pages   = {11, 1-11},
year    = {2014}
}

@ARTICLE{MathesFahle07,
author  = {B. Mathes and M. Fahle},
title   = {The electrophysiological correlate of contour integration is similar for color and luminance mechanisms},
journal = {{P}sychophysiology},
volume  = {44},
number  = {},
pages   = {305-322},
year    = {2007}
}

@ARTICLE{Mijovic14,
author  = {B. Mijovi{\'c} and Maarten {De Vos} and Katrien Vanderperren and Bart Machilsen and Stefan Sunaert and Sabine {Van Huffel} and Johan Wagemans},
title   = {The dynamics of contour integration: A simultaneous {EEG}-f{MRI} study},
journal = {{N}euro{I}mage},
volume  = {88},
number  = {},
pages   = {10-21},
year    = {2014}
}

@ARTICLE{Nygard09,
author  = {G. E. Nyg{\aa}rd and T. {Van Looy} and J. Wagemans},
title   = {The influence of orientation jitter and motion on contour saliency and object identification},
journal = {{V}ision {R}esearch},
volume  = {49},
number  = {20},
pages   = {2475-2484},
year    = {2009}
}

@Book{Press92,
author  = {W. H. Press and S. A. Teukolsky and W. T. Vetterling and B. P. Flannery},
title   = {Numerical Recipes in {C} (Second Edition)},
publisher = {Cambridge},
address = {Cambridge},
year    = {1992}
}

@ARTICLE{Pettet98,
author  = {M. W. Pettet and S.P. Mc{K}ee and N. M. Grzywacz},
title   = {Constraints on long range interactions mediating contour detection},
journal = {{V}ision {R}esearch},
volume  = {38},
number  = {},
pages   = {865-879},
year    = {1998}
}

@ARTICLE{Sassi14,
author  = {M. Sassi and M. Demeyer and B. Machilsen and T. Putzeys and J. Wagemans},
title   = {Both predictability and familiarity facilitate contour integration},
journal = {{J}ournal of {V}ision},
volume  = {14(5)},
number  = {},
pages   = {11, 1-15},
year    = {2014}
}

@ARTICLE{Silverstein12,
author  = {S. M. Silverstein and B. P. Keane and D. M. Barch and C. S. Carter and J. M. Gold and I. Kov{\'a}cs and A. Mac{D}onald {III} and J. D. Ragland and M. E. Strauss},
title   = {Optimization and validation of a visual integration test for schizophrenia research},
journal = {{S}chizophrenia {B}ulletin},
volume  = {38},
number  = {1},
pages   = {125-134},
year    = {2012}
}

@ARTICLE{SnodgrassVanderwart80,
author  = {Joan G. Snodgrass and Mary Vanderwart},
title   = {A standardized set of 260 pictures: {N}orms for name agreement, image agreement, familiarity, and visual complexity},
journal = {{J}ournal of {E}xperimental {P}sychology: {H}uman {L}earning \& {M}emory},
volume  = {6},
number  = {2},
pages   = {174-215},
year    = {1980}
}

@ARTICLE{Tripathy99,
author  = {S. P. Tripathy and A. J. Mussap and Horace B. Barlow},
title   = {Detecting collinear dots in noise},
journal = {{V}ision {R}esearch},
volume  = {39},
number  = {},
pages   = {4161-4171},
year    = {1999}
}

@ARTICLE{Tversky04,
author  = {T. Tversky and W.S. Geisler and J.S. Perry},
title   = {Contour grouping: {C}losure effects are explained by good continuation and proximity},
journal = {{V}ision {R}esearch},
volume  = {44},
number  = {},
pages   = {2769-2777},
year    = {2004}
}

@ARTICLE{Watt08,
author  = {R. Watt and T. Ledgeway and Steven C. Dakin},
title   = {Families of models for gabor paths demonstrate the importance of spatial adjacency},
journal = {{J}ournal of {V}ision},
volume  = {8(7)},
number  = {},
pages   = {23, 1-19},
year    = {2008}
}

@ARTICLE{Wertheimer23,
author  = {M. Wertheimer},
title   = {Untersuchungen zur {L}ehre von der {G}estalt.},
journal = {{P}sychologische {F}orschung},
volume  = {4},
number  = {},
pages   = {301-350},
year    = {1923}
}

@ARTICLE{WilkinsonEtAl98,
author  = {F. Wilkinson and H.R. Wilson and C. Habak},
title   = {Detection and recognition of radial frequency patterns},
journal = {{V}ision {R}esearch},
volume  = {38},
pages   = {3555-3568},
year    = {1998}
}
