@Article{Demeyer12,
author  = {Maarten Demeyer and Bart Machilsen},
title   = {The construction of perceptual grouping displays using {GERT}},
journal = {{B}ehavior {R}esearch {M}ethods},
volume  = {44},
number  = {2},
pages   = {439-446},
year    = {2012},
}

@ARTICLE{Kovacs94,
author  = {I. Kov{\'a}cs and Bela Julesz},
title   = {Perceptual sensitivity maps within globally defined visual shapes},
journal = {{N}ature},
volume  = {370},
number  = {},
pages   = {644-646},
year    = {1994}
}

@ARTICLE{Kovacs00,
author  = {I. Kov{\'a}cs},
title   = {Human development of perceptual organization},
journal = {{V}ision {R}esearch},
volume  = {40},
number  = {},
pages   = {1301-1310},
year    = {2000}
}

@ARTICLE{Kovacs99,
author  = {I. Kov{\'a}cs and P. Kozma and {\'A}. Feh{\'e}r and G. Benedek},
title   = {Late maturation of visual spatial integration in humans},
journal = {{P}roceedings of the {N}ational {A}cademy of {S}ciences},
volume  = {96},
number  = {21},
pages   = {12204-12209},
year    = {1999}
}

@ARTICLE{KovacsPolat00,
author  = {I. Kov{\'a}cs and Uri Polat and P. M. Pennefather and Arvind Chandna and A. M. Norcia},
title   = {A new test of contour integration deficits in patients with a history of disrupted binocular experience during visual development},
journal = {{V}ision {R}esearch},
volume  = {401},
pages   = {1775-1783},
year    = {2000}
}

@ARTICLE{Silverstein00,
author  = {S. M. Silverstein and I. Kov{\'a}cs  and R. Corry and C. Valone},
title   = {Perceptual organization, the disorganization syndrome, and context processing in chronic schizophrenia},
journal = {{S}chizophrenia {B}ulletin},
volume  = {43},
pages   = {11-20},
year    = {2000}
}

@ARTICLE{Silverstein09,
author  = {S. M. Silverstein and Sarah Berten and Brian Essex and I. Kov{\'a}cs and Teresa Susmaras and D. M. Little},
title   = {An f{MRI} examination of visual integration in schizophrenia},
journal = {{J}ournal of {I}ntegrative {N}euroscience},
volume  = {8},
number  = {2},
pages   = {175-202},
year    = {2009}
}

@ARTICLE{Silverstein12,
author  = {S. M. Silverstein and B. P. Keane and D. M. Barch and C. S. Carter and J. M. Gold and I. Kov{\'a}cs and A. Mac{D}onald {III} and J. D. Ragland and M. E. Strauss},
title   = {Optimization and validation of a visual integration test for schizophrenia research},
journal = {{S}chizophrenia {B}ulletin},
volume  = {38},
number  = {1},
pages   = {125-134},
year    = {2012}
}
